@misc{DEN17,
Author = {Jaehong Yoon and Eunho Yang and Jeongtae Lee and Sung ju Hwang},
Title = {Lifelong Learning with Dynamically Expandable Networks},
Year = {2017},
Eprint = {arXiv:1708.01547},
}

@INPROCEEDINGS{LL94,
    author = {Sebastian Thrun},
    title = {A Lifelong Learning Perspective for Mobile Robot Control},
    booktitle = {In Proceedings of the IEEE/RSJ/GI International Conference on Intelligent Robots and Systems},
    year = {1994},
    publisher = {Elsevier}
}